%%
%% WinShell 3.3.2.6
%% http://www.winshell.org/
%%

% Strings


% Preamble


% BibTeX Entries
@mastersthesis{benz2013,
 author               = {S.A. Benz},
 school               = {Universität Zürich},
 title                = {Algorithmen zur automatischen Selektion von Straßennetzwerken},
 type                 = {M. Sc.},
 url                  = {http://www.geo.uzh.ch/fileadmin/files/content/abteilungen/gis/research/msc_thesis/2013_StefanBenz_06912463_Masterarbeit_red.pdf},
 year                 = {2013},
 }

@article{burt1983,
 author               = {D. Knoke and R.S. Burt},
 journal              = {Applied network analysis},
 pages                = {195--222},
 publisher            = {Sage},
 title                = {Prominence},
 year                 = {1983},
 }

@inproceedings{haunert2014,
 author               = {M. Chimani and T.C. van Dijk and J.H. Haunert},
 booktitle            = {Proc. 22st ACM SIGSPATIAL International Conference on Advances in Geographic Information Systems (2014)},
 title                = {How to Eat a Graph: Computing Selection Sequences for the Continuous Generalization of Road Network},
 url                  = {http://dx.doi.org/10.1146/2666310.2666414.},
 year                 = {2014},
 }

@article{horton1945,
 author               = {R.E. Horton},
 journal              = {Geological society of America bulletin},
 number               = {3},
 pages                = {275--370},
 publisher            = {Geological Society of America},
 title                = {Erosional development of streams and their drainage basins; hydrophysical approach to quantitative morphology},
 volume               = {56},
 year                 = {1945},
 }

@article{mackaness1999automating,
 author               = {W.A. Mackaness and G.A. Mackechnie},
 journal              = {GeoInformatica},
 number               = {2},
 pages                = {185--200},
 publisher            = {Springer},
 title                = {Automating the detection and simplification of junctions in road networks},
 volume               = {3},
 year                 = {1999},
 }

@inproceedings{mark1989,
 author               = {D.M. Mark},
 booktitle            = {Proc. 9th International Symposium on Computer-Assisted Cartography (Auto-Carto 9)},
 pages                = {68--77},
 title                = {Conceptual basis for geographic line generalization},
 year                 = {1989},
 }

@techreport{page1999,
 author               = {L. Page and S. Brin and R. Motwani and T. Winograd},
 institution          = {Stanford University},
 month                = {November},
 number               = {1999-66},
 publisher            = {Stanford InfoLab},
 title                = {The PageRank Citation Ranking: Bringing Order to the Web.},
 type                 = {Technical Report},
 year                 = {1999},
 }

@inproceedings{thomson1999,
 author               = {R.C. Thomson and D.E. Richardson},
 booktitle            = {Proc. 19th International Cartographic Conference (ICC 2011)},
 journal              = {Proceeding of the 19th International Cartographic Conference},
 pages                = {1215--1225},
 title                = {The "good continuation" principle of perceptual organization applied to the generalization of road networks},
 year                 = {1999},
 }

@article{toepfer1966,
 author               = {F. T{\"o}pfer and W. Pillewizer},
 journal              = {The Cartographic Journal},
 number               = {1},
 pages                = {10--16},
 publisher            = {Maney Publishing},
 title                = {The principles of selection},
 volume               = {3},
 year                 = {1966},
 }
