%%
%% WinShell 3.3.2.6
%% http://www.winshell.org/
%%

% Strings


% Preamble


% BibTeX Entries
@inproceedings{bdln-lhod-02,
 author               = {Carla Binucci and Walter Didimo and Giuseppe Liotta and Maddalena Nonato},
 booktitle            = {Proc. 9th International Symposium on Graph Drawing (GD'01)},
 editor               = {Petra Mutzel and Michael J{\"u}nger and Sebastian Leipert},
 pages                = {139--153},
 publisher            = {Springer-Verlag, Berlin, Deutschland},
 series               = {Lecture Notes in Computer Science},
 title                = {Labeling Heuristics for Orthogonal Drawings},
 volume               = {2265},
 year                 = {2002},
 }

@article{bdln-odgvel-05,
 author               = {Carla Binucci and Walter Didimo and Giuseppe Liotta and Maddalena Nonato},
 ee                   = {http://dx.doi.org/10.1016/j.comgeo.2005.02.001},
 journal              = {Computational Geometry: Theory \& Applications},
 number               = {2},
 pages                = {71--114},
 title                = {Orthogonal Drawings of Graphs with Vertex and Edge Labels},
 volume               = {32},
 year                 = {2005},
 }

@article{bkns-blol-10,
 author               = {Michael A. Bekos and Michael Kaufmann and Martin N{\"o}llenburg and Antonios Symvonis},
 ee                   = {http://dx.doi.org/10.1007/s00453-009-9283-6},
 journal              = {Algorithmica},
 number               = {3},
 pages                = {436-461},
 title                = {Boundary Labeling with Octilinear Leaders},
 volume               = {57},
 year                 = {2010},
 }

@inproceedings{c-sagcp-88,
 author               = {John Canny},
 booktitle            = {Proc. 20th ACM Symposium on Theory of Computing (STOC'88)},
 pages                = {460--469},
 title                = {Some algebraic and geometric computations in {PSPACE}},
 year                 = {1988},
 }

@book{gj-cigtn-79,
 address              = {New York, USA},
 author               = {Michael R. Garey and David S. Johnson},
 publisher            = {Freeman},
 title                = {Computers and Intractability: A Guide to the Theory of {NP}-Completeness},
 year                 = {1979},
 }

@article{mustermann+etal-11,
 author               = {Mustermann, Max and Musterfrau, Monika},
 journal              = {Beispiele und Muster},
 number               = {2},
 pages                = {306--320},
 title                = {Beispiele in der Anwendung},
 volume               = {61},
 year                 = {2011},
 }
