%%
%% WinShell 3.3.2.6
%% http://www.winshell.org/
%%

% Strings


% Preamble


% BibTeX Entries
@article{fhssw-alfr-12,
 author               = {Fink, M. and Haunert, J.-H. and Schulz, A. and Spoerhase, J. and Wolff, A.},
 journal              = {IEEE Transactions on Visualization and Computer Graphics},
 number               = {12},
 pages                = {2583--2592},
 title                = {Algorithms for labeling focus regions},
 volume               = {18},
 year                 = {2012},
 }

@inproceedings{Gemsa2011,
 author               = {Gemsa, A. and Haunert, J.-H. and N\"{o}llenburg, M.},
 booktitle            = {Proc. 19th ACM SIGSPATIAL International Conference on Advances in Geographic Information Systems (ACM GIS'11)},
 pages                = {289--298},
 title                = {Boundary-Labeling Algorithms for Panorama Images},
 year                 = {2011},
 }
